@inproceedings{WVM14,
  author = {Wood, Frank and van de {Meent}, Jan-Willem and Mansinghka, Vikash},
  booktitle = {Artificial Intelligence and Statistics},
  title = {A New Approach to Probabilistic Programming Inference},
  year = {2014}
}

@inproceedings{TMY+16,
 author = {Tolpin, David and van de Meent, Jan-Willem and Yang, Hongseok and Wood, Frank},
 title = {Design and Implementation of Probabilistic Programming Language Anglican},
 booktitle = {Proceedings of the 28th Symposium on the Implementation and Application of Functional Programming Languages},
 series = {IFL 2016},
 year = {2016},
 isbn = {978-1-4503-4767-9},
 location = {Leuven, Belgium},
 pages = {6:1--6:12},
 articleno = {6},
 numpages = {12},
 url = {http://doi.acm.org/10.1145/3064899.3064910},
 doi = {10.1145/3064899.3064910},
 acmid = {3064910},
 publisher = {ACM},
 address = {New York, NY, USA},
}

@inproceedings{THS+17,
  author = {Dustin Tran and Matthew D. Hoffman and Rif A. Saurous and Eugene Brevdo and Kevin Murphy and David M. Blei},
  title = {Deep probabilistic programming},
  booktitle = {International Conference on Learning Representations},
  year = {2017}
}

@inproceedings{ABC+16,
 author = {Abadi, Mart\'{\i}n and Barham, Paul and Chen, Jianmin and Chen, Zhifeng and Davis, Andy and Dean, Jeffrey and Devin, Matthieu and Ghemawat, Sanjay and Irving, Geoffrey and Isard, Michael and Kudlur, Manjunath and Levenberg, Josh and Monga, Rajat and Moore, Sherry and Murray, Derek G. and Steiner, Benoit and Tucker, Paul and Vasudevan, Vijay and Warden, Pete and Wicke, Martin and Yu, Yuan and Zheng, Xiaoqiang},
 title = {TensorFlow: A System for Large-scale Machine Learning},
 booktitle = {Proceedings of the 12th USENIX Conference on Operating Systems Design and Implementation},
 series = {OSDI'16},
 year = {2016},
 isbn = {978-1-931971-33-1},
 location = {Savannah, GA, USA},
 pages = {265--283},
 numpages = {19},
 url = {http://dl.acm.org/citation.cfm?id=3026877.3026899},
 acmid = {3026899},
 publisher = {USENIX Association},
 address = {Berkeley, CA, USA},
}

@misc{Pyro18,
      title  = "Pyro: Deep Universal Probabilistic Programming",
      author = "Uber",
      howpublished  = "http://pyro.ai/",
      year   = "2017"
}

@inproceedings{PGC+17,
  title={Automatic differentiation in PyTorch},
  author={Paszke, Adam and Gross, Sam and Chintala, Soumith and Chanan, Gregory and Yang, Edward and DeVito, Zachary and Lin, Zeming and Desmaison, Alban and Antiga, Luca and Lerer, Adam},
  booktitle={NIPS-W},
  year={2017}
}
@incollection{TSC12,
    title = "12 - Count Time Series Models",
    editor = "Tata Subba Rao and Suhasini Subba Rao and C.R. Rao",
    series = "Handbook of Statistics",
    publisher = "Elsevier",
    volume = "30",
    pages = "315 - 347",
    year = "2012",
    booktitle = "Time Series Analysis: Methods and Applications",
    issn = "0169-7161",
    doi = "https://doi.org/10.1016/B978-0-444-53858-1.00012-0",
    url = "http://www.sciencedirect.com/science/article/pii/B9780444538581000120",
    author = "Konstantinos Fokianos",
    keywords = "autocorrelation, link function, Poisson distribution, prediction, stationarity"
}

@article{KTR+17,
 author = {Kucukelbir, Alp and Tran, Dustin and Ranganath, Rajesh and Gelman, Andrew and Blei, David M.},
 title = {Automatic Differentiation Variational Inference},
 journal = {J. Mach. Learn. Res.},
 issue_date = {January 2017},
 volume = {18},
 number = {1},
 month = jan,
 year = {2017},
 issn = {1532-4435},
 pages = {430--474},
 numpages = {45},
 url = {http://dl.acm.org/citation.cfm?id=3122009.3122023},
 acmid = {3122023},
 publisher = {JMLR.org},
 keywords = {Bayesian inference, approximate inference, probabilistic programming},
}



@book{O98,
 author = {Okasaki, Chris},
 title = {Purely Functional Data Structures},
 year = {1998},
 isbn = {0-521-63124-6},
 publisher = {Cambridge University Press},
 address = {New York, NY, USA},
} 
